%% This BibTeX bibliography file was created using BibDesk.
%% http://bibdesk.sourceforge.net/


%% Created for Dave at 2011-10-29 18:31:43 +0100 


%% Saved with string encoding Unicode (UTF-8) 



@url{ProgramManagementDocs,
	Date-Added = {2011-10-29 18:28:49 +0100},
	Date-Modified = {2011-10-29 18:31:43 +0100},
	Publisher = {PMdocs},
	Title = {Project Management Docs},
	Url = {http://www.projectmanagementdocs.com/},
	Bdsk-Url-1 = {http://www.projectmanagementdocs.com/}}
